@manual{inmetro2003,
	Author = {INMETRO},
	Title = {Vocabulário internacional de termos fundamentais e gerais de
	metrologia},
	Year = {2013},
	Address = {Rio de Janeiro, Brasil},
	Pages = {75},
	isbn = {85-87090-90-9},
}

@inproceedings{soviero1997,
	Author = {P. A. O. Soviero and L. G. M. Lavagna},
	Title = {A Numerical Model for Thin Airfoils in Unsteady Motion},
	Year = {1997},
	Pages = {332-340},
	Volume = {19},
	Number = {3},
	Booktitle = {Journal of the Brazilian Societyt Mechanical Sciences},	
}

@inproceedings{popularitygamification,
	Author = {Bohyun Kim},
	Title = {The Popularity of Gamification in the Mobile and Social Era},
	Year = {2015},
	Pages = {5-9},
	Booktitle = {Understanding Gamification},
} 
@article{bartle1996hearts,
  title={Hearts, clubs, diamonds, spades: Players who suit MUDs},
  author={Bartle, Richard},
  journal={Journal of MUD research},
  volume={1},
  number={1},
  pages={19},
  year={1996}
} 
@book{zichermann2011gamification,
  title={Gamification by design: Implementing game mechanics in web and mobile apps},
  author={Zichermann, Gabe and Cunningham, Christopher},
  year={2011},
  publisher={" O'Reilly Media, Inc."}
}

@book{mcgonigal2011reality,
  title={Reality is broken: Why games make us better and how they can change the world},
  author={McGonigal, J.},
  year={2011},
  publisher={Penguin}
}

@misc{pelling,
  title = {The (short) prehistory of “gamification”…},
  author={Peeling, N.},
  howpublished = {\url{https://nanodome.wordpress.com/2011/08/09/the-short-prehistory-of-gamification/}},
  note = {Accessed: 2016-03-27},
  year={2011} 
}
@inproceedings{sparrow1980,
	Author = {E. M. Sparrow},
	Title = {Forced Convection Heat Transfer in a Duct Having Spanwise-Periodic
	Rectangular Protuberances},
	Year = {1980},
	Pages = {149-167},
	Volume = {3},
	Booktitle = {Numerical Heat Transfer},
}

@article{clark1986,
	Author = {J. A. Clark},
	Title = {Private Communication},
	Year = {1986},
	Address = {University of Michigan},
}

@article{arruda2007,
	Author = {M. B. B. Arruda},
	Title = {Como fazer referências: bibliográficas, eletrônicas e demais
	formas de documentos},
	Year = {2007},
	Url = {http://bu.ufsc.br/framerefer.html}
}

@article{coimbra1978,
	Author = {A. L. Coimbra},
	Title = {Lessons of Continuum Mechanics},
	Year = {1978},
	Address = {São Paulo, Brazil},
	Pages = {428},
	Editor = {Edgard Blücher},
}

@inproceedings{bordalo1989,
	Author = {S. N. Bordalo and J. H. Ferziger and S. J. Kline},
	Title = {The Development of Zonal Models for Turbulence},
	Year = {1989},
	Pages = {41-44},
	Booktitle = {Proceedings of the 10th Brazilian Congress of Mechanical
	Engineering}, 
	Volume = {1},	
}

@manual{NBR14724:2011,
	Address = {Rio de Janeiro},
	Date-Added = {2012-12-15 20:34:08 +0000},
	Date-Modified = {2012-12-15 20:35:25 +0000},
	Month = mar,
	Org-Short = {ABNT},
	Organization = {Associa{\c c}\~ao Brasileira de Normas T\'ecnicas},
	Pages = 15,
	Subtitle = {Informa{\c c}\~ao e documenta{\c c}\~ao --- trabalhos acad\^emicos --- apresenta{\c c}\~ao},
	Title = {{NBR} 14724},
	Year = 2011
}

@manual{NBR6034:2000,
	Address = {Rio de Janeiro},
	Org-Short = {ABNT},
	Organization = {Associa{\c c}\~ao Brasileira de Normas T\'ecnicas},
	Subtitle = {Informa{\c c}\~ao e documenta{\c c}\~ao --- Referências},
	Title = {{NBR} 14724},
	Year = 2000
}

@inproceedings{deterding2011gamification,
  title={Gamification: Toward a definition},
  author={Deterding, Sebastian and Khaled, Rilla and Nacke, Lennart E and Dixon, Dan},
  booktitle={CHI 2011 Gamification Workshop Proceedings},
  pages={12--15},
  year={2011}
}
@incollection{gil2010metodos,
  title={M{\'e}todos e t{\'e}cnicas de pesquisa social},
  author={Gil, Antonio Carlos},
  booktitle={M{\'e}todos e t{\'e}cnicas de pesquisa social},
  year={2010},
  publisher={Atlas}
}

@book{chou2015actionable,
  title={Actionable Gamification: Beyond Points, Badges, and Leaderboards},
  author={Chou, Y.},
  year={2015}
}

@misc{beck2001agile,
  added-at = {2007-12-30T11:39:05.000+0100},
  author = {Beck, Kent and Beedle, Mike and van Bennekum, Arie and Cockburn, Alistair and Cunningham, Ward and Fowler, Martin and Grenning, James and Highsmith, Jim and Hunt, Andrew and Jeffries, Ron and Kern, Jon and Marick, Brian and Martin, Robert C. and Mellor, Steve and Schwaber, Ken and Sutherland, Jeff and Thomas, Dave},
  biburl = {https://www.bibsonomy.org/bibtex/28954248a545d88dd2c0e688d1c7e2f9d/juve},
  booktitle = {Manifesto for Agile Software Development},
  description = {Manifesto for Agile Software Development},
  interhash = {098cc7e185f10c3da390459a01e0d535},
  intrahash = {8954248a545d88dd2c0e688d1c7e2f9d},
  keywords = {imported},
  timestamp = {2007-12-30T11:39:05.000+0100},
  title = {Manifesto for Agile Software Development},
  url = {http://www.agilemanifesto.org/},
  year = 2001
}

@book{sommerville2011software,
  title={Software Engineering},
  author={Sommerville, I.},
  isbn={9780137053469},
  lccn={2009053058},
  series={International Computer Science Series},
  url={https://books.google.com.br/books?id=l0egcQAACAAJ},
  year={2011},
  publisher={Pearson}
}

@article{soares,
	author = {Michel Soares},
	title = {Comparação entre Metodologias Ágeis e Tradicionais para o Desenvolvimento de Software},
	journal = {INFOCOMP Journal of Computer Science},
	volume = {3},
	number = {2},
	year = {2004},
	keywords = {Metodologias de Desenvolvimento, Extreme Programming, Modelo Clássico},
	abstract = {Este artigo faz uma comparação entre as metodologias tradicionais para desenvolvimento de software e as metodologias ágeis. Em particular é feita a comparação da Extreme Programming (XP), uma metodologia ágil muito usada, e o modelo Clássico ou Sequencial. As práticas da XP são apresentadas, enfatizando que suas características são ideais para projetos que devem ter um desenvolvimento rápido e que podem ter requisitos alterados constantemente pelos clientes.},
	issn = {1982-3363},
        pages = {8--13},
        url = {http://www.dcc.ufla.br/infocomp/index.php/INFOCOMP/article/view/68}
}
@book{thegood,
  title={The Good, the Hype and the Ugly },
  author={Bertrand Meyer },
  isbn={9783319051543},
  url={http://dimsboiv.uqac.ca/8INF851/tp/paper/agiletools.pdf},
  year={20014},
  publisher={Springer International Publishing }
}
@book{pressman2009engenharia,
  title={Engenharia de Software - 7.ed.: },
  author={Pressman, R.S.},
  isbn={9788580550443},
  url={https://books.google.com.br/books?id=y0rH9wuXe68C},
  year={2009},
  publisher={McGraw Hill Brasil}
}
@INPROCEEDINGS{expressmind, 
author={M. H. Namaki and B. Bakhshinategh and M. Noorhoseini and M. Dehghan}, 
booktitle={ICCKE 2013}, 
title={Expressmind: Recommending contents in an anonymous social network}, 
year={2013}, 
pages={278-282}, 
keywords={recommender systems;social networking (online);Expressmind;anonymous social network;content recommender;desirability evaluation;online user study;recommended items;relevancy evaluation;user ratings;Irrigation;Measurement;Reactive power;Anonymous Social Networking;Microblogging;Recommender Systems}, 
doi={10.1109/ICCKE.2013.6682851}, 
month={Oct},}
@ARTICLE{socialnetworkdefinition, 
author={D. M. Boyd and N. B. Ellison}, 
journal={IEEE Engineering Management Review}, 
title={Social network sites: definition, history, and scholarship}, 
year={2010}, 
volume={38}, 
number={3}, 
pages={16-31}, 
doi={10.1109/EMR.2010.5559139}, 
ISSN={0360-8581}, 
month={Third},}
@book{kumar2013gamification,
  title={Gamification at work: Designing engaging business software},
  author={Kumar, J.},
  year={2013},
  publisher={Springer}
}
@book{alphacron,
  title={Coefficient alpha and the internal structure of test},
  author={CRONBACH, L. J},
  year={1951}
}
